<record><leader>00000cas a2200000 a 4500</leader><controlfield tag="001">13754920</controlfield><controlfield tag="008">860620d19061909nvudr ne      0    0eng c</controlfield><datafield ind1=" " ind2=" " tag="010"><subfield code="a">sn 86076173 </subfield></datafield><datafield ind1=" " ind2=" " tag="040"><subfield code="a">NNX</subfield><subfield code="b">eng</subfield><subfield code="c">NNX</subfield><subfield code="d">CNQ</subfield><subfield code="d">MGN</subfield><subfield code="d">CNK</subfield><subfield code="d">OCLCQ</subfield><subfield code="d">OCLCF</subfield><subfield code="d">OCLCO</subfield></datafield><datafield ind1="1" ind2=" " tag="029"><subfield code="a">AU@</subfield><subfield code="b">000020236434</subfield></datafield><datafield ind1=" " ind2=" " tag="042"><subfield code="a">pcc</subfield></datafield><datafield ind1=" " ind2=" " tag="043"><subfield code="a">n-us-nv</subfield></datafield><datafield ind1="0" ind2="0" tag="245"><subfield code="a">Goldfield chronicle.</subfield></datafield><datafield ind1=" " ind2=" " tag="260"><subfield code="a">Goldfield, Nev. :</subfield><subfield code="b">Goldfield Chronicle Pub. Co.,</subfield><subfield code="c">-1909.</subfield></datafield><datafield ind1=" " ind2=" " tag="300"><subfield code="a">v.</subfield></datafield><datafield ind1=" " ind2=" " tag="310"><subfield code="a">Daily</subfield></datafield><datafield ind1="1" ind2=" " tag="362"><subfield code="a">Began with Nov. 22, 1906 issue.</subfield><subfield code="z">Cf. Lingenfelter, R.E. Newspapers of Nevada.</subfield></datafield><datafield ind1="0" ind2=" " tag="362"><subfield code="a">-v. 3, no. 80 (Feb. 27, 1909).</subfield></datafield><datafield ind1=" " ind2=" " tag="515"><subfield code="a">Issue for Dec. 19, 1908 edited and published by the ladies of the Sacred Heart Catholic Church.</subfield></datafield><datafield ind1=" " ind2=" " tag="530"><subfield code="a">Microfilm available from Bay Microfilm.</subfield></datafield><datafield ind1=" " ind2=" " tag="588"><subfield code="a">Description based on: Vol. 1, no. 2 (Nov. 26, 1906).</subfield></datafield><datafield ind1=" " ind2="0" tag="651"><subfield code="a">Goldfield (Nev.)</subfield><subfield code="v">Newspapers.</subfield></datafield><datafield ind1=" " ind2="7" tag="655"><subfield code="a">Newspapers.</subfield><subfield code="2">fast</subfield><subfield code="0">(OCoLC)fst01423814</subfield></datafield><datafield ind1=" " ind2="7" tag="651"><subfield code="a">Nevada</subfield><subfield code="z">Goldfield.</subfield><subfield code="2">fast</subfield><subfield code="0">(OCoLC)fst01222353</subfield></datafield><datafield ind1=" " ind2=" " tag="752"><subfield code="a">United States</subfield><subfield code="b">Nevada</subfield><subfield code="c">Esmeralda</subfield><subfield code="d">Goldfield.</subfield></datafield></record>